2225 3634
403 230 586 277 Lxxn

409 360 517 422 cui
552 356 738 419 mille
787 356 1012 419 ludere
1063 340 1467 425 fictiones
1486 401 1508 435 ,
1573 380 1715 423 non
1758 356 1900 423 sine
1926 344 2052 421 'vo'-

410 459 792 521 cabalorum
827 454 1199 539 portentosai
1236 456 1514 545 pompei,
1560 462 1801 544 volupe
1861 461 2052 533 foret,

416 556 724 622 adorante
759 559 975 641 vulgo.

565 673 631 739 5.
682 660 766 721 Et
785 680 1062 743 magnus
1085 662 1189 721 vir
1216 661 1349 735 ille,
1376 661 1451 723 ni
1476 682 1508 722 a
1524 660 1950 724 Peritioribus
1974 660 2055 721 ri-

411 779 566 845 gore
578 776 860 823 MAxnvn
877 760 1272 842 probaretur,
1288 765 1608 844 impostor
1633 760 1901 845 quidam
1928 776 2060 822 stu-

411 862 569 944 pido
594 860 849 922 mundo
889 860 1245 943 stupendus
1285 862 1463 924 fieret
1491 855 1829 923 facillime:
1875 856 2064 941 atqu'e

414 964 506 1024 i'ta
547 962 994 1024 dominaretur
1040 963 1313 1021 mentali
1360 962 1577 1045 palam
1614 969 2061 1024 TYRANNIDE.

1068 1059 1127 1140 ς.
1180 1064 1397 1125 Lxlx.

565 1160 820 1243 „Vulgi
855 1179 1047 1236 voce,
1099 1180 1216 1224 seu
1241 1156 1703 1239 democratice‚
1747 1178 2066 1244 magnum

422 1264 645 1322 virum
671 1254 843 1321 mal&
879 1248 1170 1342 probari,
1218 1278 1424 1344 patet:
1477 1264 1590 1327 sed
1615 1258 1680 1325 ἀ
1704 1262 1888 1345 vulgi
1910 1280 2071 1323 voce

424 1358 695 1422 doctum
734 1362 953 1422 virum
985 1382 1102 1424 seu
1136 1364 1638 1427 Peritiorem
1677 1361 1961 1445 probari,
1988 1376 2069 1423 an

427 1464 639 1543 :magis
696 1454 1053 1524 rationale?
1071 1465 1117 1499 “

565 1562 826 1637 Dicere,
877 1564 1018 1645 quis
1043 1554 1195 1623 vere
1234 1554 1654 1645 sit'sapiens,
1714 1564 1821 1625 vel
1862 1563 2073 1623 maxi-

427 1657 544 1723 me
572 1665 826 1723 videtur
853 1680 990 1725 esse
1016 1664 1358 1744 sapientis:
1390 1664 1456 1723 id
1491 1666 1769 1727 omnino
1806 1678 2075 1725 constat.

431 1762 524 1825 At
566 1763 780 1845 palam
856 1762 978 1824 tibi
1037 1764 1422 1836 mortalium
1480 1784 1683 1827 nemo
1740 1758 1925 1825 vere
1980 1782 2078 1825 sa-

431 1866 565 1945 pit,
617 1866 749 1926 nisi
785 1865 938 1925 vivo
989 1884 1108 1926 suo
1156 1864 1447 1925 SENSU:
1512 1864 1789 1947 ideoque
1832 1863 2077 1946 Vulgus

435 1980 517 2024 ex
557 1964 904 2026 benefactis
957 1980 1183 2026 nonne
1231 1986 1260 2027 s
1278 1984 1365 2047 ap
1383 1967 1405 2024 i
1421 1982 1456 2023 e
1470 1966 1589 2026 nti
1606 1988 1634 2029 e
1651 1986 1680 2028 s
1696 1966 1803 2025 im
1820 1959 1855 2026 ὲ
1906 1962 2080 2041 iudi-

441 2080 542 2127 cat
592 2055 1072 2126 benefactorem
1111 2078 1176 2126 et
1217 2084 1297 2127 ex
1332 2066 1468 2147 ipsa
1505 2081 1776 2127 SALUTE.
1804 2058 1959 2125 vere
1984 2082 2081 2125 sa-

439 2151 786 2246 pientem‘?
849 2164 1016 2246 Ergo
1043 2206 1066 2239 ‚
1126 2164 1500 2246 ubicunque
1552 2166 1786 2248 vulgus
1827 2158 2079 2247 optime

443 2280 516 2322 m
535 2284 570 2322 e
584 2264 622 2323 d
640 2281 674 2323 e
690 2284 736 2324 n
754 2279 780 2325 t
794 2280 829 2322 e
843 2282 917 2323 m
955 2264 1168 2338 videt,
1216 2283 1443 2327 nonne
1479 2268 1812 2347 optimum
1835 2284 1906 2325 m
1922 2284 1961 2323 e
1975 2266 2013 2325 d
2031 2264 2086 2323 i-

437 2362 670 2425 cum?
733 2367 900 2427 sicut
939 2365 1011 2423 in
1051 2364 1262 2425 altiori
1292 2368 1620 2436 sanctitate
1652 2384 1876 2427 nonne
1926 2359 2085 2425 vere

436 2464 914 2547 theologum
961 2464 1141 2525 videt
1167 2475 1187 2527 :
1236 2466 1312 2525 in
1358 2466 1569 2527 altiori
1616 2459 1859 2543 justitizi
1923 2460 2079 2525 vere

437 2566 522 2645 ju
541 2564 1201 2653 rieconsultiim:
1292 2566 1366 2625 in
1433 2566 1645 2628 altiori
1696 2564 2087 2627 rectitudine
2134 2588 2143 2593 ·

442 2668 632 2728 omni
683 2660 834 2729 vere
898 2686 940 2747 p
957 2664 1000 2724 h
1017 2665 1132 2726 ilo
1149 2688 1177 2729 s
1196 2686 1233 2727 o
1252 2686 1293 2748 p
1308 2664 1410 2727 hu
1424 2682 1529 2730 m:
1592 2667 1665 2727 in
1716 2666 1929 2728 altiori
1962 2664 2090 2725 hu-

444 2770 757 2829 manitate
795 2760 946 2827 vere
993 2764 1034 2824 h
1052 2776 1469 2827 umanum:
1520 2768 1592 2827 in
1633 2766 1846 2827 altiori
1895 2782 2091 2845 opere

440 2862 595 2929 vere
633 2868 1086 2929 artificem:
1140 2866 1211 2926 in
1253 2848 1465 2929 altiori
1502 2864 1568 2931 ὃ(
1602 2867 1850 2944 iudicio
1895 2861 1965 2931 ἀ
1998 2866 2097 2928 of·

430 2964 590 3031 'ficio
627 2961 779 3030 vere
817 2980 1381 3049 praestantem
1421 2968 1713 3029 virum.

423 3126 427 3131 .
581 3084 658 3129 Q.
707 3068 1036 3129 Omnium
1089 3080 1311 3128 autem
1362 3062 1670 3128 facillime
1734 3065 1970 3149 vulgus
2016 3082 2097 3127 ex

381 3210 387 3217 .
447 3160 586 3251 ipezi
625 3167 1052 3231 celebratione
1091 3164 1335 3247 judicat
1375 3168 1737 3231 celebrem:
1802 3184 1883 3229 ex
1928 3160 2099 3229 fami
