2225 3634
1638 215 1752 276 mx,

1292 293 1329 326 0

255 355 320 416 1·
385 350 709 422 humanae
777 349 950 410 cedit
1015 348 1414 412 Necessitati.
1511 347 1759 414 Itidem.

111 455 597 536 unusquisque,
648 452 766 513 ubi
804 449 1204 530 agendum
1243 467 1374 514 est:
1430 448 1572 527 vel,
1632 450 1753 512 ubi

115 557 190 616 ad
237 555 598 636 quidquam
644 549 1129 612 decernendum
1186 553 1356 635 cogit
1404 552 1503 612 vis
1545 549 1755 614 altior.

263 671 330 718 Ω.
385 655 479 716 At
499 671 840 734 nunquam
875 665 1096 712 tamen
1122 651 1265 712 heic
1291 652 1467 714 abest
1506 667 1759 716 aeterna

114 755 224 816 illa
281 754 612 815 humanae
664 752 969 816 scientiae
1028 751 1317 821 umbra:
1390 753 1763 834 oppositi

115 857 147 920 f
160 878 200 926 o,
213 857 374 920 rmi
389 855 430 916 d
451 875 511 916 ο.
1766 841 1774 848 ’

264 971 330 1036 3.
392 954 566 1041 Quid
604 899 844 1036 igitur?

268 1059 632 1139 Nunquam
629 1001 1129 1126 estatuendum,
1182 1052 1495 1136 quidquid
1522 1055 1769 1118 corri-

121 1177 302 1242 gere
346 1171 450 1219 est
483 1155 684 1215 nefas.
785 1155 1141 1234 Nunquam
1167 1154 1649 1234 decernendum
1676 1157 1772 1232 id,

127 1259 294 1341 quod
317 1300 342 1334 ,
394 1255 746 1337 sapientior
782 1253 1049 1327 deinde,
1091 1275 1267 1316 novo
1310 1255 1564 1324 decreto
1591 1275 1772 1340 repa-

128 1380 262 1421 rare
291 1377 596 1440 nequeas,
697 1355 1053 1435 Nunquam
1079 1357 1164 1417 sit
1202 1359 1585 1418 mortalium
1608 1377 1774 1419 cae·

129 1481 252 1523 sar
303 1459 484 1520 ullus
534 1451 818 1536 eousque
869 1457 1227 1522 decidendo
1288 1477 1460 1520 caes
1480 1481 1567 1521 or
1592 1499 1613 1534 ,
1691 1473 1769 1522 ut

131 1581 269 1623 non
309 1561 530 1622 forsan
579 1550 752 1620 male
807 1556 1196 1622 informatus
1251 1560 1488 1639 poterit
1528 1553 1771 1622 melius

132 1660 498 1724 informari.
598 1659 712 1720 Est
748 1659 932 1718 enim
973 1655 1330 1731 humanae,
1370 1647 1773 1720 humanae

139 1760 523 1846 integritatis
552 1800 573 1833 ‚
645 1777 834 1838 posse
897 1760 971 1818 in
1036 1759 1365 1838 integrum
1418 1761 1781 1822 restituere.

135 1862 268 1926 Cur
320 1856 528 1923 verb.
505 1856 538 1900 9
615 1876 774 1919 nam
828 1873 925 1921 est
981 1856 1307 1918 humanae
1358 1860 1778 1940 partialitatis,

139 1964 416 2026 nonnisi
448 1959 731 2042 partialia
769 1960 1010 2020 videre.

287 2074 361 2142 4..
417 2061 602 2124 Unde
637 2075 845 2142 patet,
897 2077 1052 2119 cum
1077 2061 1326 2121 ratione
1362 2079 1509 2120 vera
1550 2073 1613 2122 et
1635 2081 1783 2122 vera

144 2165 263 2228 fide
303 2161 480 2226 nihil
504 2162 738 2224 sanciri
775 2161 908 2222 nisi
947 2161 1429 2222 conditiona
1449 2151 1559 2236 ιθ,
1613 2159 1785 2222 nihil

145 2267 276 2332 nisi
311 2265 434 2324 hac
481 2262 740 2326 solenni
773 2260 996 2343 legum
1034 2265 1343 2324 omnium
1392 2262 1571 2345 lege,
1634 2283 1787 2335 QUA-

137 2387 347 2442 jrmws
404 2381 624 2424 nunc
675 2361 1028 2443 liqueat:
1101 2379 1290 2444 atque
1345 2383 1584 2443 poenas
1636 2364 1793 2434 ideo,

153 2468 365 2530 nullas
393 2482 530 2526 esse
571 2463 963 2526 humanas
983 2502 1007 2536 ‚
1054 2465 1188 2526 nisi
1216 2464 1540 2545 negativas
1570 2467 1789 2528 omni-

152 2587 271 2633 um
311 2564 878 2648 degradationum,
928 2565 1016 2626 ita
1050 2579 1127 2626 ut
1164 2584 1368 2646 usque
1418 2567 1623 2648 possit
1645 2583 1794 2630 een-

156 2668 354 2732 tentia
385 2685 526 2727 non
557 2679 726 2724 recta
765 2665 1014 2746 corrigi.

303 2782 373 2847 5.
424 2767 514 2827 At
547 2764 736 2846 plane
774 2766 1173 2827 contrarium
1210 2735 1397 2829 nullo
1435 2788 1572 2828 non
1609 2768 1795 2830 vides

160 2889 268 2930 aev
273 2883 350 2932 oz
398 2867 763 2940 nimirum,
812 2861 1074 2926 barbare
1101 2868 1419 2929 credendo
1446 2883 1510 2929 et
1534 2861 1795 2928 barbare

147 2968 493 3042 audendo,
544 2967 613 3028 id
650 2982 784 3040 est,
835 2959 1094 3028 barbara
1146 2962 1406 3030 fidentia
1456 2971 1597 3030 sine
1649 2968 1798 3041 fide,

162 3085 388 3144 cuncta
427 3066 652 3146 judicii
688 3065 963 3128 humani
1007 3068 1348 3129 tribunalia
1386 3068 1799 3150 inpraeci-

167 3172 406 3254 pitiie
446 3167 780 3234 collocata:
840 3170 962 3248 ita,
1028 3183 1106 3234 ut
1154 3167 1461 3264 quidquid
1510 3187 1804 3266 unquam
