2225 3634
455 216 654 269 mxxvt

463 344 474 351 ’
553 386 564 391 ·
605 356 670 415 6.
724 352 962 417 Itidem
1011 352 1078 423 δε
1113 359 1586 441 imperantium
1628 362 1747 422 illo
1786 363 2087 427 elementi

449 456 655 517 arrisu
693 454 1095 519 inanissime
1142 458 1325 522 velut
1372 479 1779 524 consecratur
1816 466 2083 528 MORIS

444 542 834 621 onmimoda
885 560 1176 621 moria:
1254 561 1450 634 adeo,
1514 576 1590 623 ut
1625 564 1787 643 Ars,
1853 567 1927 626 id
1974 581 2089 645 est,

439 656 686 739 ubique
727 672 988 720 om’nm
1023 674 1192 721 certa
1231 659 1432 735 ratio,
1485 682 1675 723 suam
1699 664 1866 727 hanc
1892 680 2083 729 opn-

437 772 536 821 Μι
571 761 895 820 rationem
933 778 1141 821 unam
1181 775 1246 822 et
1278 760 1573 823 divinam
1624 762 1857 829 frustra
1894 768 2084 831 nobis

437 858 887 919 admirandam
937 858 1180 922 doceat.

443 952 452 961 ‘
591 974 654 1034 7.
719 958 914 1021 Nulla
977 962 1163 1021 enim
1228 960 1416 1024 datur
1480 978 1889 1033 FICTIONUM
1950 984 2082 1033 tam

436 1058 934 1122 sublimium
972 1060 1345 1125 histrionia:
1394 1080 1761 1130 MENDACII
1789 1084 1928 1131 tam
1956 1091 2080 1153 po-

432 1146 578 1220 liti
621 1160 842 1222 nullus
887 1160 1071 1223 fucus
1114 1176 1180 1222 et
1211 1162 1520 1228 mimus:
1594 1183 2080 1233 οεΤΕΝΤΑΤΙο·

431 1276 602 1324 Num
639 1274 776 1321 tam
814 1256 1086 1323 subdole
1126 1262 1502 1326 modesta
1551 1268 1736 1339 nulla
1768 1270 2079 1334 collusioz

429 1374 508 1421 ut
545 1379 686 1421 non
717 1361 1189 1443 rempublicam
1240 1380 1604 1445 pervertat,
1655 1368 1823 1435 dum
1864 1372 2079 1454 publi-

431 1478 579 1519 cam
619 1479 894 1521 omnem
931 1464 1237 1543 pervertit
1274 1465 1564 1529 EIDEM.

580 1566 644 1633 8.
691 1562 856 1644 Ergo
889 1563 1162 1623 levicula
1188 1560 1252 1625 ὅ(
1278 1564 1648 1646 hyper-bola,
1672 1564 2071 1655 &hyperbo-

427 1660 529 1723 lae
574 1662 840 1740 umbra,
895 1664 1068 1725 illico
1111 1665 1279 1725 levat
1318 1664 1569 1728 Fidem.

575 1762 674 1823 Ac
697 1766 894 1822 viden
922 1764 1107 1838 ideo,
1146 1765 1365 1840 curii,
1418 1770 1529 1850 qui
1554 1770 1653 1830 nil
1688 1771 1821 1835 nisi
1843 1770 2071 1856 hyper·

424 1856 606 1926 bolas
633 1864 860 1925 vident
882 1866 1251 1939 visionarii,
1280 1884 1397 1929 seu
1425 1870 1523 1927 nil
1548 1872 1678 1932 nisi
1704 1872 2068 1937 abstractio·

423 1984 597 2044 num
633 1958 755 2024 alte
799 1967 1171 2026 amentium
1208 1965 1373 2025 illud
1413 1968 1661 2033 UNUM
1691 1972 1887 2035 SINE
1928 1976 2066 2037 At.-

423 2055 659 2125 TERO
678 2104 699 2137 ,
740 2084 888 2140 cur,
929 2066 1235 2145 inquam,
1262 2066 1332 2127 hi
1356 2073 1611 2131 summi
1634 2072 1861 2155 sophi,
1898 2076 2065 2159 apud

423 2182 536 2226 eos
576 2165 686 2245 qui
715 2178 859 2225 actu
907 2167 1204 2245 sapiunt,
1255 2188 1499 2251 supra
1538 2191 1816 2235 omnem
1845 2178 2064 2239 omnio

420 2248 514 2327 izo
551 2262 784 2325 Fidem
821 2282 1082 2345 semper
1124 2266 1329 2329 elati
1378 2270 1739 2334 videantur.

421 2348 430 2357 ’
571 2380 638 2442 9.
691 2364 865 2424 Nam
919 2359 1133 2425 hercle
1197 2363 1463 2431 summe
1524 2372 1735 2435 intuta
1796 2392 1899 2441 est
1952 2378 2061 2441 illa

417 2462 764 2526 doctoralis
831 2467 1114 2526 amentia
1165 2471 1478 2531 omnium
1530 2473 2060 2557 alienationum,

419 2564 734 2627 tandem
715 2586 786 2626 m
812 2566 1207 2628 methodum
1228 2570 1667 2635 universalem
1680 2576 1964 2656 sciendi,
1996 2600 2063 2642 ac

417 2665 625 2727 veluti
653 2665 782 2725 div
745 2686 945 2730 mam
973 2669 1431 2751 imposturam,
1460 2673 1793 2739 libenim&
1822 2696 2056 2746 evecta.

413 2782 571 2830 vm.
597 2778 652 2845 3.
703 2784 853 2829 xv1.
890 2780 946 2847 3.
1045 2768 1189 2833 Illic
1233 2770 1419 2831 enim
1472 2774 1571 2833 nil
1624 2778 1757 2839 nisi
1793 2780 2054 2844 fictum.

417 2868 602 2931 aliter
629 2887 826 2953 quam
849 2870 923 2931 in
954 2885 1185 2933 sensu:
1215 2884 1279 2932 et
1304 2890 1337 2931 a
1366 2889 1591 2936 mente
1604 2872 1780 2957 pure
1806 2902 2055 2947 amens.

411 2964 585 3054 Ergo
637 2968 734 3030 nil
769 2970 902 3033 nisi
943 2970 1219 3038 datum
1268 2991 1407 3033 non
1446 2988 1685 3044 ratum.
1728 2995 1881 3046 xrv.
1936 3002 2051 3049 etc.

1051 3066 1111 3151 §.
1165 3071 1417 3135 LXXII-¹

567 3170 686 3234 Est
720 3184 944 3234 autem
979 3172 1432 3241 TUTISSIMI
1452 3189 1526 3239 ea
1564 3176 1668 3244 vis·
1705 3192 1919 3261 tanta,
1952 3194 2053 3251 ..ut
